2022-12-23 01:20:04.630,INQ1OLMYIAI6,91282CFX4,SELL,10000000,100-106,DONE,
2022-12-23 01:20:04.634,INQF810YTCHK,91282CFX4,BUY,20000000,100-150,DONE,
2022-12-23 01:20:04.637,INQ6QOK0MM22,91282CFX4,SELL,30000000,100-026,DONE,
2022-12-23 01:20:04.638,INQ0MKVDTX0W,91282CFX4,BUY,40000000,100-051,DONE,
2022-12-23 01:20:04.639,INQT83POW8RK,91282CFX4,SELL,50000000,99-15+,DONE,
2022-12-23 01:20:04.641,INQ561WENPQ1,91282CFX4,BUY,10000000,100-030,DONE,
2022-12-23 01:20:04.642,INQ1A5VBH884,91282CFX4,SELL,20000000,100-090,DONE,
2022-12-23 01:20:04.643,INQPOTL9CQYW,91282CFX4,BUY,30000000,99-163,DONE,
2022-12-23 01:20:04.647,INQHEZVV8I5X,91282CFX4,SELL,40000000,99-126,DONE,
2022-12-23 01:20:04.649,INQ2XH0PWEKF,91282CFX4,BUY,50000000,99-06+,DONE,
2022-12-23 01:20:04.650,INQVKGX2HN22,91282CFW6,SELL,10000000,99-140,DONE,
2022-12-23 01:20:04.651,INQ9KVKR3K2Q,91282CFW6,BUY,20000000,99-106,DONE,
2022-12-23 01:20:04.653,INQO36QKLAAN,91282CFW6,SELL,30000000,100-233,DONE,
2022-12-23 01:20:04.654,INQVRDCPIVX2,91282CFW6,BUY,40000000,100-290,DONE,
2022-12-23 01:20:04.655,INQZEYKSSVR6,91282CFW6,SELL,50000000,100-080,DONE,
2022-12-23 01:20:04.657,INQA49RLVVNV,91282CFW6,BUY,10000000,99-232,DONE,
2022-12-23 01:20:04.658,INQGIW55TR4A,91282CFW6,SELL,20000000,99-201,DONE,
2022-12-23 01:20:04.659,INQWRDDNW7CB,91282CFW6,BUY,30000000,100-260,DONE,
2022-12-23 01:20:04.661,INQ8AEFK269X,91282CFW6,SELL,40000000,100-30+,DONE,
2022-12-23 01:20:04.662,INQL9QO0HWUL,91282CFW6,BUY,50000000,99-031,DONE,
2022-12-23 01:20:04.663,INQWWVEMGFCA,91282CFZ9,SELL,10000000,100-153,DONE,
2022-12-23 01:20:04.665,INQGT7YD9ZQM,91282CFZ9,BUY,20000000,99-011,DONE,
2022-12-23 01:20:04.666,INQRQ4Z9VS1B,91282CFZ9,SELL,30000000,99-27+,DONE,
2022-12-23 01:20:04.668,INQM3JOL83QZ,91282CFZ9,BUY,40000000,100-303,DONE,
2022-12-23 01:20:04.669,INQI1YR849X8,91282CFZ9,SELL,50000000,99-191,DONE,
2022-12-23 01:20:04.670,INQG0BRCR4ET,91282CFZ9,BUY,10000000,99-126,DONE,
2022-12-23 01:20:04.672,INQEEOE19G4H,91282CFZ9,SELL,20000000,99-071,DONE,
2022-12-23 01:20:04.673,INQWTAOO6VL1,91282CFZ9,BUY,30000000,100-26+,DONE,
2022-12-23 01:20:04.674,INQ58FWRY8X4,91282CFZ9,SELL,40000000,99-031,DONE,
2022-12-23 01:20:04.676,INQ0CSCJZZ67,91282CFZ9,BUY,50000000,99-161,DONE,
2022-12-23 01:20:04.677,INQ3H30TYZAH,91282CFY2,SELL,10000000,100-222,DONE,
2022-12-23 01:20:04.678,INQ5OQ38NNXE,91282CFY2,BUY,20000000,99-155,DONE,
2022-12-23 01:20:04.679,INQ6O4VWD1OM,91282CFY2,SELL,30000000,99-060,DONE,
2022-12-23 01:20:04.681,INQD45WVXBU2,91282CFY2,BUY,40000000,100-062,DONE,
2022-12-23 01:20:04.682,INQF5WGW5YF2,91282CFY2,SELL,50000000,100-010,DONE,
2022-12-23 01:20:04.684,INQSI5XOPHEW,91282CFY2,BUY,10000000,99-267,DONE,
2022-12-23 01:20:04.688,INQP74O61718,91282CFY2,SELL,20000000,100-117,DONE,
2022-12-23 01:20:04.689,INQQ3INTZ7A9,91282CFY2,BUY,30000000,99-116,DONE,
2022-12-23 01:20:04.690,INQKP2HG5PSH,91282CFY2,SELL,40000000,99-040,DONE,
2022-12-23 01:20:04.691,INQNMZK6V3IY,91282CFY2,BUY,50000000,100-280,DONE,
2022-12-23 01:20:04.692,INQA4EM00ES8,91282CFV8,SELL,10000000,99-09+,DONE,
2022-12-23 01:20:04.694,INQXCO1OJKLN,91282CFV8,BUY,20000000,99-026,DONE,
2022-12-23 01:20:04.695,INQ06QU0RLG3,91282CFV8,SELL,30000000,99-083,DONE,
2022-12-23 01:20:04.697,INQR87R7M429,91282CFV8,BUY,40000000,99-100,DONE,
2022-12-23 01:20:04.698,INQ4FKLJZEK8,91282CFV8,SELL,50000000,100-136,DONE,
2022-12-23 01:20:04.700,INQLTHNEY42Y,91282CFV8,BUY,10000000,99-182,DONE,
2022-12-23 01:20:04.701,INQO9GBWIAOL,91282CFV8,SELL,20000000,99-240,DONE,
2022-12-23 01:20:04.702,INQI5R5TUML6,91282CFV8,BUY,30000000,99-153,DONE,
2022-12-23 01:20:04.703,INQZ5IEHIZM3,91282CFV8,SELL,40000000,100-072,DONE,
2022-12-23 01:20:04.706,INQFPP8PRKN3,91282CFV8,BUY,50000000,99-260,DONE,
2022-12-23 01:20:04.707,INQIL0ZYJ5JC,912810TM0,SELL,10000000,100-291,DONE,
2022-12-23 01:20:04.710,INQ7YBA0PVCS,912810TM0,BUY,20000000,99-083,DONE,
2022-12-23 01:20:04.711,INQIAG2BJ6EB,912810TM0,SELL,30000000,100-191,DONE,
2022-12-23 01:20:04.712,INQMWCVWWLKY,912810TM0,BUY,40000000,99-297,DONE,
2022-12-23 01:20:04.713,INQM4M1FQEX6,912810TM0,SELL,50000000,100-012,DONE,
2022-12-23 01:20:04.717,INQJS196NRYG,912810TM0,BUY,10000000,100-295,DONE,
2022-12-23 01:20:04.718,INQ6Z1ZUQMM5,912810TM0,SELL,20000000,99-171,DONE,
2022-12-23 01:20:04.720,INQPCB8S6YQR,912810TM0,BUY,30000000,100-243,DONE,
2022-12-23 01:20:04.721,INQU0IBMBC81,912810TM0,SELL,40000000,100-317,DONE,
2022-12-23 01:20:04.722,INQDRJDLDY4X,912810TM0,BUY,50000000,99-165,DONE,
2022-12-23 01:20:04.724,INQVBPX1GH7T,912810TL2,SELL,10000000,99-210,DONE,
2022-12-23 01:20:04.725,INQD24I6RT96,912810TL2,BUY,20000000,100-183,DONE,
2022-12-23 01:20:04.726,INQU7J7CLFGS,912810TL2,SELL,30000000,100-125,DONE,
2022-12-23 01:20:04.727,INQSDM4FD3I1,912810TL2,BUY,40000000,100-00+,DONE,
2022-12-23 01:20:04.729,INQ0CRKZ3E2M,912810TL2,SELL,50000000,99-213,DONE,
2022-12-23 01:20:04.731,INQ8ESXQ16DQ,912810TL2,BUY,10000000,99-181,DONE,
2022-12-23 01:20:04.734,INQYB7TFZVW0,912810TL2,SELL,20000000,99-066,DONE,
2022-12-23 01:20:04.735,INQOMKMCQYYK,912810TL2,BUY,30000000,99-192,DONE,
2022-12-23 01:20:04.736,INQ5EL048YMW,912810TL2,SELL,40000000,100-097,DONE,
2022-12-23 01:20:04.737,INQBAD89UZWG,912810TL2,BUY,50000000,100-103,DONE,
