2022-12-23 13:59:22.608,INQ84AOVUNM5,91282CFX4,SELL,10000000,99-163,DONE,
2022-12-23 13:59:22.610,INQ508HYXT5Y,91282CFX4,BUY,20000000,100-102,DONE,
2022-12-23 13:59:22.611,INQUJ45TAR2W,91282CFX4,SELL,30000000,99-261,DONE,
2022-12-23 13:59:22.613,INQHUJPF5YMJ,91282CFX4,BUY,40000000,100-302,DONE,
2022-12-23 13:59:22.614,INQKSOFP7GNE,91282CFX4,SELL,50000000,99-220,DONE,
2022-12-23 13:59:22.615,INQNQBPGGRZA,91282CFX4,BUY,10000000,100-013,DONE,
2022-12-23 13:59:22.617,INQYJEXQ5U6K,91282CFX4,SELL,20000000,100-263,DONE,
2022-12-23 13:59:22.618,INQJ9TZWNLN7,91282CFX4,BUY,30000000,99-060,DONE,
2022-12-23 13:59:22.620,INQIQXUFP6HG,91282CFX4,SELL,40000000,100-157,DONE,
2022-12-23 13:59:22.635,INQB6VR6JMVR,91282CFX4,BUY,50000000,100-052,DONE,
2022-12-23 13:59:22.643,INQAKU0364OA,91282CFW6,SELL,10000000,99-06+,DONE,
2022-12-23 13:59:22.645,INQU2HVKZ6PH,91282CFW6,BUY,20000000,99-172,DONE,
2022-12-23 13:59:22.646,INQNNOUQCVE0,91282CFW6,SELL,30000000,100-300,DONE,
2022-12-23 13:59:22.650,INQJEWW1LNNL,91282CFW6,BUY,40000000,100-161,DONE,
2022-12-23 13:59:22.652,INQBWG2Y27QG,91282CFW6,SELL,50000000,100-047,DONE,
2022-12-23 13:59:22.653,INQC3UVXJHXD,91282CFW6,BUY,10000000,100-092,DONE,
2022-12-23 13:59:22.654,INQS599MMWTT,91282CFW6,SELL,20000000,100-282,DONE,
2022-12-23 13:59:22.655,INQ38572S5Z9,91282CFW6,BUY,30000000,99-21+,DONE,
2022-12-23 13:59:22.656,INQPWWGIGZ5Y,91282CFW6,SELL,40000000,99-196,DONE,
2022-12-23 13:59:22.657,INQLU13KPJCJ,91282CFW6,BUY,50000000,100-021,DONE,
2022-12-23 13:59:22.659,INQOBBQB26VV,91282CFZ9,SELL,10000000,100-086,DONE,
2022-12-23 13:59:22.660,INQNBDY092TV,91282CFZ9,BUY,20000000,100-09+,DONE,
2022-12-23 13:59:22.662,INQBZZ9Y4QA3,91282CFZ9,SELL,30000000,100-040,DONE,
2022-12-23 13:59:22.663,INQJEW207OHM,91282CFZ9,BUY,40000000,99-121,DONE,
2022-12-23 13:59:22.668,INQI0RJ4ITFW,91282CFZ9,SELL,50000000,99-021,DONE,
2022-12-23 13:59:22.669,INQON3WF8A35,91282CFZ9,BUY,10000000,99-132,DONE,
2022-12-23 13:59:22.670,INQ7QR86S2MK,91282CFZ9,SELL,20000000,99-163,DONE,
2022-12-23 13:59:22.671,INQ7NUGMJPR6,91282CFZ9,BUY,30000000,100-202,DONE,
2022-12-23 13:59:22.681,INQGG8DV2GDT,91282CFZ9,SELL,40000000,100-08+,DONE,
2022-12-23 13:59:22.682,INQ19CR7AC1Q,91282CFZ9,BUY,50000000,100-122,DONE,
2022-12-23 13:59:22.683,INQVA3TX826I,91282CFY2,SELL,10000000,99-071,DONE,
2022-12-23 13:59:22.684,INQ55C6VCR05,91282CFY2,BUY,20000000,100-10+,DONE,
2022-12-23 13:59:22.685,INQ79QX4FC93,91282CFY2,SELL,30000000,99-240,DONE,
2022-12-23 13:59:22.686,INQSFEO5JODH,91282CFY2,BUY,40000000,99-066,DONE,
2022-12-23 13:59:22.688,INQ57P9C4R3F,91282CFY2,SELL,50000000,100-172,DONE,
2022-12-23 13:59:22.690,INQJONY7YJ1D,91282CFY2,BUY,10000000,100-190,DONE,
2022-12-23 13:59:22.692,INQHB56CR5LJ,91282CFY2,SELL,20000000,100-020,DONE,
2022-12-23 13:59:22.693,INQNEP4WHVOG,91282CFY2,BUY,30000000,99-175,DONE,
2022-12-23 13:59:22.694,INQ04ZR5EMJZ,91282CFY2,SELL,40000000,100-007,DONE,
2022-12-23 13:59:22.695,INQI6LW4CLWV,91282CFY2,BUY,50000000,100-22+,DONE,
2022-12-23 13:59:22.697,INQQFMEQ01TG,91282CFV8,SELL,10000000,100-290,DONE,
2022-12-23 13:59:22.697,INQUF9DU91PG,91282CFV8,BUY,20000000,100-043,DONE,
2022-12-23 13:59:22.698,INQS8NUIR1WL,91282CFV8,SELL,30000000,99-22+,DONE,
2022-12-23 13:59:22.699,INQ3WPDWEJ6F,91282CFV8,BUY,40000000,99-183,DONE,
2022-12-23 13:59:22.700,INQV442HLVKE,91282CFV8,SELL,50000000,100-14+,DONE,
2022-12-23 13:59:22.701,INQZLX5SADWP,91282CFV8,BUY,10000000,100-113,DONE,
2022-12-23 13:59:22.702,INQTBACF5IE4,91282CFV8,SELL,20000000,100-171,DONE,
2022-12-23 13:59:22.703,INQSTZEDEWLG,91282CFV8,BUY,30000000,99-117,DONE,
2022-12-23 13:59:22.705,INQBSLN2HCJR,91282CFV8,SELL,40000000,100-13+,DONE,
2022-12-23 13:59:22.706,INQ7ZTW02M78,91282CFV8,BUY,50000000,99-016,DONE,
2022-12-23 13:59:22.707,INQUZAB8T8UN,912810TM0,SELL,10000000,99-233,DONE,
2022-12-23 13:59:22.709,INQ1Y35MWLVB,912810TM0,BUY,20000000,100-220,DONE,
2022-12-23 13:59:22.710,INQ99DUOS15O,912810TM0,SELL,30000000,99-14+,DONE,
2022-12-23 13:59:22.711,INQVJR71NQYL,912810TM0,BUY,40000000,100-170,DONE,
2022-12-23 13:59:22.712,INQ6HLMMDNIK,912810TM0,SELL,50000000,99-091,DONE,
2022-12-23 13:59:22.713,INQMJO7SEHFI,912810TM0,BUY,10000000,99-160,DONE,
2022-12-23 13:59:22.715,INQLUIPC7BG5,912810TM0,SELL,20000000,100-181,DONE,
2022-12-23 13:59:22.719,INQ9H8LNIF0Q,912810TM0,BUY,30000000,99-267,DONE,
2022-12-23 13:59:22.724,INQJ0TZN3VN0,912810TM0,SELL,40000000,99-213,DONE,
2022-12-23 13:59:22.726,INQ4WY13IX3H,912810TM0,BUY,50000000,100-020,DONE,
2022-12-23 13:59:22.727,INQYMPFNCA84,912810TL2,SELL,10000000,99-051,DONE,
2022-12-23 13:59:22.728,INQT765U8BYL,912810TL2,BUY,20000000,100-056,DONE,
2022-12-23 13:59:22.730,INQ2U9NO27L1,912810TL2,SELL,30000000,100-255,DONE,
2022-12-23 13:59:22.732,INQRO6JQZWG2,912810TL2,BUY,40000000,100-141,DONE,
2022-12-23 13:59:22.733,INQ56LIIZAJX,912810TL2,SELL,50000000,100-290,DONE,
2022-12-23 13:59:22.734,INQNSSFR6O9Z,912810TL2,BUY,10000000,100-283,DONE,
2022-12-23 13:59:22.735,INQAZGQFTXPV,912810TL2,SELL,20000000,99-222,DONE,
2022-12-23 13:59:22.736,INQ6BJEDS8J3,912810TL2,BUY,30000000,99-06+,DONE,
2022-12-23 13:59:22.738,INQ08M24O4OJ,912810TL2,SELL,40000000,100-260,DONE,
2022-12-23 13:59:22.739,INQY0W6ZW789,912810TL2,BUY,50000000,100-145,DONE,
