2022-12-23 13:34:43.340,INQJY5TZ0MRR,91282CFX4,SELL,10000000,99-227,DONE,
2022-12-23 13:34:43.342,INQ5DM02HS4R,91282CFX4,BUY,20000000,100-173,DONE,
2022-12-23 13:34:43.343,INQNM7C7IR4I,91282CFX4,SELL,30000000,99-073,DONE,
2022-12-23 13:34:43.343,INQEURLHIT2N,91282CFX4,BUY,40000000,99-09+,DONE,
2022-12-23 13:34:43.344,INQGEI6XV8YY,91282CFX4,SELL,50000000,100-130,DONE,
2022-12-23 13:34:43.345,INQPVSXY9BEV,91282CFX4,BUY,10000000,100-05+,DONE,
2022-12-23 13:34:43.349,INQGMW0ANG6X,91282CFX4,SELL,20000000,100-101,DONE,
2022-12-23 13:34:43.351,INQ44O7PR706,91282CFX4,BUY,30000000,100-221,DONE,
2022-12-23 13:34:43.390,INQJ00RUGTLW,91282CFX4,SELL,40000000,99-253,DONE,
2022-12-23 13:34:43.391,INQOWOJYS5US,91282CFX4,BUY,50000000,99-000,DONE,
2022-12-23 13:34:43.392,INQCFQS0W75J,91282CFW6,SELL,10000000,99-22+,DONE,
2022-12-23 13:34:43.392,INQIGPDUB1CE,91282CFW6,BUY,20000000,99-137,DONE,
2022-12-23 13:34:43.393,INQZHA5ZHOPQ,91282CFW6,SELL,30000000,99-112,DONE,
2022-12-23 13:34:43.396,INQT9M8IIWPI,91282CFW6,BUY,40000000,100-316,DONE,
2022-12-23 13:34:43.421,INQEURXTEX0X,91282CFW6,SELL,50000000,100-13+,DONE,
2022-12-23 13:34:43.423,INQ3XBTX4AN9,91282CFW6,BUY,10000000,99-286,DONE,
2022-12-23 13:34:43.428,INQGRI4SZ8KJ,91282CFW6,SELL,20000000,100-100,DONE,
2022-12-23 13:34:43.430,INQEDRNJS0DO,91282CFW6,BUY,30000000,100-30+,DONE,
2022-12-23 13:34:43.432,INQOJU7EO15B,91282CFW6,SELL,40000000,100-176,DONE,
2022-12-23 13:34:43.433,INQT9PQBRDDH,91282CFW6,BUY,50000000,99-306,DONE,
2022-12-23 13:34:43.434,INQ7SQW5VU1T,91282CFZ9,SELL,10000000,99-050,DONE,
2022-12-23 13:34:43.435,INQ7VTP396V7,91282CFZ9,BUY,20000000,99-170,DONE,
2022-12-23 13:34:43.436,INQYBD403BHX,91282CFZ9,SELL,30000000,100-057,DONE,
2022-12-23 13:34:43.437,INQ8THI6VFNW,91282CFZ9,BUY,40000000,99-11+,DONE,
2022-12-23 13:34:43.438,INQZ53Q4AEVK,91282CFZ9,SELL,50000000,99-290,DONE,
2022-12-23 13:34:43.439,INQZ4A49L3PL,91282CFZ9,BUY,10000000,100-30+,DONE,
2022-12-23 13:34:43.458,INQP0VCTNPPV,91282CFZ9,SELL,20000000,100-145,DONE,
2022-12-23 13:34:43.460,INQJ4UAX4SLZ,91282CFZ9,BUY,30000000,99-26+,DONE,
2022-12-23 13:34:43.461,INQ3YEE0R0BJ,91282CFZ9,SELL,40000000,100-066,DONE,
2022-12-23 13:34:43.462,INQ10O18TOMZ,91282CFZ9,BUY,50000000,100-105,DONE,
2022-12-23 13:34:43.463,INQFPWDE7KFQ,91282CFY2,SELL,10000000,99-19+,DONE,
2022-12-23 13:34:43.464,INQ3MGU6E558,91282CFY2,BUY,20000000,100-197,DONE,
2022-12-23 13:34:43.465,INQPYWVSBHDY,91282CFY2,SELL,30000000,99-050,DONE,
2022-12-23 13:34:43.466,INQRZLQLM09W,91282CFY2,BUY,40000000,99-14+,DONE,
2022-12-23 13:34:43.468,INQ112Q5HJB7,91282CFY2,SELL,50000000,99-001,DONE,
2022-12-23 13:34:43.469,INQ59G5JIUA1,91282CFY2,BUY,10000000,99-06+,DONE,
2022-12-23 13:34:43.470,INQNT2OO9BQ8,91282CFY2,SELL,20000000,99-272,DONE,
2022-12-23 13:34:43.471,INQBMR1PIHDO,91282CFY2,BUY,30000000,99-025,DONE,
2022-12-23 13:34:43.472,INQIXAK1IA47,91282CFY2,SELL,40000000,99-110,DONE,
2022-12-23 13:34:43.474,INQDF47KE0N4,91282CFY2,BUY,50000000,100-301,DONE,
2022-12-23 13:34:43.476,INQBL9FMRVNA,91282CFV8,SELL,10000000,99-242,DONE,
2022-12-23 13:34:43.477,INQTDNTSOLWK,91282CFV8,BUY,20000000,100-197,DONE,
2022-12-23 13:34:43.478,INQTID24GLCK,91282CFV8,SELL,30000000,100-290,DONE,
2022-12-23 13:34:43.479,INQABG1W0JGP,91282CFV8,BUY,40000000,99-046,DONE,
2022-12-23 13:34:43.481,INQEM3HY8V7G,91282CFV8,SELL,50000000,99-042,DONE,
2022-12-23 13:34:43.490,INQ4VYG6IQMI,91282CFV8,BUY,10000000,99-163,DONE,
2022-12-23 13:34:43.492,INQUOTA3CEGU,91282CFV8,SELL,20000000,99-093,DONE,
2022-12-23 13:34:43.493,INQQG1DLRLYF,91282CFV8,BUY,30000000,99-186,DONE,
2022-12-23 13:34:43.494,INQ3VUD3N725,91282CFV8,SELL,40000000,100-046,DONE,
2022-12-23 13:34:43.495,INQ52TBPYIFK,91282CFV8,BUY,50000000,100-173,DONE,
2022-12-23 13:34:43.495,INQO7D99UXEV,912810TM0,SELL,10000000,100-002,DONE,
2022-12-23 13:34:43.497,INQ30H1770T4,912810TM0,BUY,20000000,99-070,DONE,
2022-12-23 13:34:43.498,INQ83KG9ZX89,912810TM0,SELL,30000000,100-196,DONE,
2022-12-23 13:34:43.498,INQRXMINSS8S,912810TM0,BUY,40000000,99-246,DONE,
2022-12-23 13:34:43.499,INQZHADOWENL,912810TM0,SELL,50000000,99-255,DONE,
2022-12-23 13:34:43.500,INQFZPQ2TGXF,912810TM0,BUY,10000000,99-007,DONE,
2022-12-23 13:34:43.501,INQ6AC2XBZ7W,912810TM0,SELL,20000000,100-263,DONE,
2022-12-23 13:34:43.523,INQFONN0ZLU3,912810TM0,BUY,30000000,99-103,DONE,
2022-12-23 13:34:43.525,INQJDRACGLPM,912810TM0,SELL,40000000,100-310,DONE,
2022-12-23 13:34:43.526,INQAVJP6HEC7,912810TM0,BUY,50000000,100-206,DONE,
2022-12-23 13:34:43.527,INQI0WFQJTFV,912810TL2,SELL,10000000,100-196,DONE,
2022-12-23 13:34:43.527,INQ8C5QD3MFP,912810TL2,BUY,20000000,100-213,DONE,
2022-12-23 13:34:43.529,INQZ98P6S7S3,912810TL2,SELL,30000000,100-031,DONE,
2022-12-23 13:34:43.530,INQLHS3NQO7U,912810TL2,BUY,40000000,99-087,DONE,
2022-12-23 13:34:43.532,INQ8N86RM9HP,912810TL2,SELL,50000000,99-216,DONE,
2022-12-23 13:34:43.533,INQSA51UX4AK,912810TL2,BUY,10000000,100-042,DONE,
2022-12-23 13:34:43.534,INQJ9KLEC4ZM,912810TL2,SELL,20000000,99-297,DONE,
2022-12-23 13:34:43.534,INQDT6XLYMHU,912810TL2,BUY,30000000,99-306,DONE,
2022-12-23 13:34:43.535,INQZUNS1LIOL,912810TL2,SELL,40000000,100-072,DONE,
2022-12-23 13:34:43.536,INQ9O7HMXVV7,912810TL2,BUY,50000000,99-022,DONE,
