2022-12-23 12:43:29.761,INQTSRCQBRYP,91282CFX4,SELL,10000000,99-252,DONE,
2022-12-23 12:43:29.763,INQV6JS9DZFJ,91282CFX4,BUY,20000000,99-120,DONE,
2022-12-23 12:43:29.765,INQIN71ZNZ4L,91282CFX4,SELL,30000000,99-216,DONE,
2022-12-23 12:43:29.765,INQQ7SDUY0CV,91282CFX4,BUY,40000000,99-313,DONE,
2022-12-23 12:43:29.766,INQKVGDER21F,91282CFX4,SELL,50000000,99-201,DONE,
2022-12-23 12:43:29.767,INQ5UIQ60HO4,91282CFX4,BUY,10000000,99-240,DONE,
2022-12-23 12:43:29.768,INQKITENN3CN,91282CFX4,SELL,20000000,100-253,DONE,
2022-12-23 12:43:29.770,INQYE2XT0KER,91282CFX4,BUY,30000000,100-020,DONE,
2022-12-23 12:43:29.793,INQCR0V66784,91282CFX4,SELL,40000000,99-021,DONE,
2022-12-23 12:43:29.796,INQL48PZTUEO,91282CFX4,BUY,50000000,99-261,DONE,
2022-12-23 12:43:29.797,INQIJ1HCDLNR,91282CFW6,SELL,10000000,100-092,DONE,
2022-12-23 12:43:29.798,INQK9X0KN5EG,91282CFW6,BUY,20000000,100-227,DONE,
2022-12-23 12:43:29.799,INQ5AB9OQHWD,91282CFW6,SELL,30000000,100-247,DONE,
2022-12-23 12:43:29.807,INQ0VGUL2W0E,91282CFW6,BUY,40000000,100-14+,DONE,
2022-12-23 12:43:29.808,INQFF24PPH7H,91282CFW6,SELL,50000000,99-231,DONE,
2022-12-23 12:43:29.809,INQU7ZNS34Z8,91282CFW6,BUY,10000000,99-157,DONE,
2022-12-23 12:43:29.810,INQCHVM1W9F7,91282CFW6,SELL,20000000,99-180,DONE,
2022-12-23 12:43:29.811,INQZL9ON9PI6,91282CFW6,BUY,30000000,100-14+,DONE,
2022-12-23 12:43:29.812,INQK2UZJ1Q9U,91282CFW6,SELL,40000000,99-041,DONE,
2022-12-23 12:43:29.813,INQV92UGXACN,91282CFW6,BUY,50000000,99-180,DONE,
2022-12-23 12:43:29.814,INQJUDWLXN6Q,91282CFZ9,SELL,10000000,100-271,DONE,
2022-12-23 12:43:29.824,INQTRGNO1C7V,91282CFZ9,BUY,20000000,100-022,DONE,
2022-12-23 12:43:29.831,INQV8FEAALHA,91282CFZ9,SELL,30000000,100-306,DONE,
2022-12-23 12:43:29.836,INQCIRLEPJDB,91282CFZ9,BUY,40000000,100-230,DONE,
2022-12-23 12:43:29.839,INQZSDL72II3,91282CFZ9,SELL,50000000,100-227,DONE,
2022-12-23 12:43:29.842,INQ63WTP3RBB,91282CFZ9,BUY,10000000,99-166,DONE,
2022-12-23 12:43:29.843,INQE1A2P52PT,91282CFZ9,SELL,20000000,100-000,DONE,
2022-12-23 12:43:29.844,INQ8XGOOU3O7,91282CFZ9,BUY,30000000,100-30+,DONE,
2022-12-23 12:43:29.845,INQ5K22DMQDJ,91282CFZ9,SELL,40000000,100-05+,DONE,
2022-12-23 12:43:29.846,INQTRWGKAYDT,91282CFZ9,BUY,50000000,99-257,DONE,
2022-12-23 12:43:29.849,INQJUP7KYLPH,91282CFY2,SELL,10000000,99-157,DONE,
2022-12-23 12:43:29.850,INQ115CN7YCK,91282CFY2,BUY,20000000,100-180,DONE,
2022-12-23 12:43:29.851,INQ4HX0Q4P83,91282CFY2,SELL,30000000,99-292,DONE,
2022-12-23 12:43:29.852,INQS4I9CJBFJ,91282CFY2,BUY,40000000,100-300,DONE,
2022-12-23 12:43:29.855,INQFJNH6837S,91282CFY2,SELL,50000000,100-291,DONE,
2022-12-23 12:43:29.859,INQET2XBKX31,91282CFY2,BUY,10000000,100-07+,DONE,
2022-12-23 12:43:29.865,INQRGO955RN4,91282CFY2,SELL,20000000,99-212,DONE,
2022-12-23 12:43:29.872,INQTP28GOPBG,91282CFY2,BUY,30000000,100-265,DONE,
2022-12-23 12:43:29.887,INQ1OQQ129Y3,91282CFY2,SELL,40000000,99-273,DONE,
2022-12-23 12:43:29.890,INQ705YCET8M,91282CFY2,BUY,50000000,100-211,DONE,
2022-12-23 12:43:29.903,INQH3OIMJRMU,91282CFV8,SELL,10000000,100-016,DONE,
2022-12-23 12:43:29.904,INQUSFHJWKYK,91282CFV8,BUY,20000000,100-063,DONE,
2022-12-23 12:43:29.905,INQKWQIQVJWH,91282CFV8,SELL,30000000,99-177,DONE,
2022-12-23 12:43:29.906,INQ52SV74L74,91282CFV8,BUY,40000000,99-283,DONE,
2022-12-23 12:43:29.907,INQG9B4K01Z4,91282CFV8,SELL,50000000,100-161,DONE,
2022-12-23 12:43:29.908,INQEH3Q826RF,91282CFV8,BUY,10000000,100-123,DONE,
2022-12-23 12:43:29.909,INQDQ2V24KBJ,91282CFV8,SELL,20000000,100-270,DONE,
2022-12-23 12:43:29.910,INQJ5ZQA27QO,91282CFV8,BUY,30000000,100-145,DONE,
2022-12-23 12:43:29.911,INQ5CO84TZRV,91282CFV8,SELL,40000000,99-025,DONE,
2022-12-23 12:43:29.912,INQLQMRIE800,91282CFV8,BUY,50000000,99-037,DONE,
2022-12-23 12:43:29.913,INQ5OZGOT3DX,912810TM0,SELL,10000000,99-163,DONE,
2022-12-23 12:43:29.914,INQNUAKD1V77,912810TM0,BUY,20000000,100-170,DONE,
2022-12-23 12:43:29.915,INQNPBIAX13O,912810TM0,SELL,30000000,99-122,DONE,
2022-12-23 12:43:29.916,INQF1KFKRTSK,912810TM0,BUY,40000000,100-225,DONE,
2022-12-23 12:43:29.917,INQCCDLQ73NX,912810TM0,SELL,50000000,99-183,DONE,
2022-12-23 12:43:29.920,INQIZCJ8RLS7,912810TM0,BUY,10000000,100-076,DONE,
2022-12-23 12:43:29.921,INQX8Q4PG3NZ,912810TM0,SELL,20000000,99-030,DONE,
2022-12-23 12:43:29.922,INQB176OSC02,912810TM0,BUY,30000000,100-260,DONE,
2022-12-23 12:43:29.923,INQ2HJX8VVDU,912810TM0,SELL,40000000,100-116,DONE,
2022-12-23 12:43:29.924,INQZNY1DJUIC,912810TM0,BUY,50000000,99-11+,DONE,
2022-12-23 12:43:29.925,INQZFIC5HIVW,912810TL2,SELL,10000000,100-105,DONE,
2022-12-23 12:43:29.926,INQCQTVPDEM4,912810TL2,BUY,20000000,99-195,DONE,
2022-12-23 12:43:29.927,INQ2N931965J,912810TL2,SELL,30000000,99-171,DONE,
2022-12-23 12:43:29.928,INQJG3KU895U,912810TL2,BUY,40000000,99-040,DONE,
2022-12-23 12:43:29.928,INQGEMA7V2YP,912810TL2,SELL,50000000,99-056,DONE,
2022-12-23 12:43:29.929,INQKA9GYTOM5,912810TL2,BUY,10000000,100-197,DONE,
2022-12-23 12:43:29.930,INQH2DNZL8VY,912810TL2,SELL,20000000,99-08+,DONE,
2022-12-23 12:43:29.931,INQH5K26DM4V,912810TL2,BUY,30000000,100-132,DONE,
2022-12-23 12:43:29.931,INQ0A0R44M61,912810TL2,SELL,40000000,99-153,DONE,
2022-12-23 12:43:29.932,INQTPHLH90NI,912810TL2,BUY,50000000,100-290,DONE,
2022-12-23 12:51:30.968,INQY8UL0NM7M,91282CFX4,SELL,10000000,100-050,DONE,
2022-12-23 12:51:30.983,INQJ3W3MZ5VQ,91282CFX4,BUY,20000000,99-113,DONE,
2022-12-23 12:51:30.985,INQKOJ6MV43D,91282CFX4,SELL,30000000,100-301,DONE,
2022-12-23 12:51:30.992,INQJAQ2JR4AP,91282CFX4,BUY,40000000,99-313,DONE,
2022-12-23 12:51:30.999,INQZF31IJ5CN,91282CFX4,SELL,50000000,99-31+,DONE,
2022-12-23 12:51:31.003,INQNKAKBGLL7,91282CFX4,BUY,10000000,100-101,DONE,
2022-12-23 12:51:31.006,INQFM345KO45,91282CFX4,SELL,20000000,100-02+,DONE,
2022-12-23 12:51:31.011,INQQBIVZLIFW,91282CFX4,BUY,30000000,99-106,DONE,
2022-12-23 12:51:31.012,INQXNW2ISSRJ,91282CFX4,SELL,40000000,99-07+,DONE,
2022-12-23 12:51:31.019,INQKNSG30WY0,91282CFX4,BUY,50000000,99-132,DONE,
2022-12-23 12:51:31.022,INQ5RZ4ZTWZ0,91282CFW6,SELL,10000000,100-221,DONE,
2022-12-23 12:51:31.024,INQ60ASQFLFZ,91282CFW6,BUY,20000000,100-312,DONE,
2022-12-23 12:51:31.028,INQM5SYXESGT,91282CFW6,SELL,30000000,99-315,DONE,
2022-12-23 12:51:31.030,INQNQI2YIX5C,91282CFW6,BUY,40000000,100-155,DONE,
2022-12-23 12:51:31.037,INQ04HCDGTO4,91282CFW6,SELL,50000000,100-283,DONE,
2022-12-23 12:51:31.040,INQ8JBASXSNT,91282CFW6,BUY,10000000,100-297,DONE,
2022-12-23 12:51:31.043,INQBND6VGSZH,91282CFW6,SELL,20000000,100-070,DONE,
2022-12-23 12:51:31.045,INQDI332K00I,91282CFW6,BUY,30000000,100-112,DONE,
2022-12-23 12:51:31.046,INQ8K3CNSW0V,91282CFW6,SELL,40000000,99-282,DONE,
2022-12-23 12:51:31.047,INQXKRHJ3283,91282CFW6,BUY,50000000,99-102,DONE,
2022-12-23 12:51:31.049,INQXRUA33BCX,91282CFZ9,SELL,10000000,99-310,DONE,
2022-12-23 12:51:31.051,INQV2L5S7WOR,91282CFZ9,BUY,20000000,100-160,DONE,
2022-12-23 12:51:31.052,INQLL44ST8GW,91282CFZ9,SELL,30000000,100-313,DONE,
2022-12-23 12:51:31.054,INQI7W7JL0G4,91282CFZ9,BUY,40000000,100-190,DONE,
2022-12-23 12:51:31.055,INQEM1S1C758,91282CFZ9,SELL,50000000,99-126,DONE,
2022-12-23 12:51:31.056,INQ25IYTFHRI,91282CFZ9,BUY,10000000,99-235,DONE,
2022-12-23 12:51:31.057,INQUNDOEE1HN,91282CFZ9,SELL,20000000,99-056,DONE,
2022-12-23 12:51:31.058,INQXRBZ7L4KN,91282CFZ9,BUY,30000000,100-010,DONE,
2022-12-23 12:51:31.059,INQBYZX0LMYU,91282CFZ9,SELL,40000000,99-085,DONE,
2022-12-23 12:51:31.060,INQDV86XSFTD,91282CFZ9,BUY,50000000,100-317,DONE,
2022-12-23 12:51:31.062,INQLWHDWNR1P,91282CFY2,SELL,10000000,99-190,DONE,
2022-12-23 12:51:31.063,INQ1L60G5EW1,91282CFY2,BUY,20000000,99-011,DONE,
2022-12-23 12:51:31.065,INQAR90ZECMF,91282CFY2,SELL,30000000,99-310,DONE,
2022-12-23 12:51:31.066,INQRSYB1JFD3,91282CFY2,BUY,40000000,100-197,DONE,
2022-12-23 12:51:31.069,INQ613TWKCK2,91282CFY2,SELL,50000000,100-17+,DONE,
2022-12-23 12:51:31.071,INQSN0IJBRYD,91282CFY2,BUY,10000000,100-016,DONE,
2022-12-23 12:51:31.072,INQYVTWOT70B,91282CFY2,SELL,20000000,100-172,DONE,
2022-12-23 12:51:31.074,INQBMSJZSI2R,91282CFY2,BUY,30000000,99-056,DONE,
2022-12-23 12:51:31.075,INQO7897GP54,91282CFY2,SELL,40000000,99-102,DONE,
2022-12-23 12:51:31.077,INQ0HCNY4BQZ,91282CFY2,BUY,50000000,99-240,DONE,
2022-12-23 12:51:31.078,INQFD29UWHPB,91282CFV8,SELL,10000000,99-103,DONE,
2022-12-23 12:51:31.079,INQZZHCCUNGE,91282CFV8,BUY,20000000,100-143,DONE,
2022-12-23 12:51:31.081,INQQKF6WZJG2,91282CFV8,SELL,30000000,99-280,DONE,
2022-12-23 12:51:31.082,INQC109HQNHR,91282CFV8,BUY,40000000,100-18+,DONE,
2022-12-23 12:51:31.084,INQ5OIQ2ZSMN,91282CFV8,SELL,50000000,99-313,DONE,
2022-12-23 12:51:31.086,INQDGICW0K0A,91282CFV8,BUY,10000000,99-280,DONE,
2022-12-23 12:51:31.089,INQKSC5376YL,91282CFV8,SELL,20000000,99-025,DONE,
2022-12-23 12:51:31.092,INQFDVVXLBCM,91282CFV8,BUY,30000000,99-232,DONE,
2022-12-23 12:51:31.093,INQSDMO48K1H,91282CFV8,SELL,40000000,99-280,DONE,
2022-12-23 12:51:31.095,INQJY66GMUNC,91282CFV8,BUY,50000000,99-097,DONE,
2022-12-23 12:51:31.096,INQBL12EWMYG,912810TM0,SELL,10000000,99-143,DONE,
2022-12-23 12:51:31.097,INQZIWVZM400,912810TM0,BUY,20000000,100-045,DONE,
2022-12-23 12:51:31.098,INQKMKAGOU9G,912810TM0,SELL,30000000,100-30+,DONE,
2022-12-23 12:51:31.100,INQR5JZ2GYH9,912810TM0,BUY,40000000,100-165,DONE,
2022-12-23 12:51:31.104,INQRDWRLS5CT,912810TM0,SELL,50000000,99-175,DONE,
2022-12-23 12:51:31.106,INQJDNMQUI12,912810TM0,BUY,10000000,100-143,DONE,
2022-12-23 12:51:31.108,INQXU4Y2MPUT,912810TM0,SELL,20000000,100-21+,DONE,
2022-12-23 12:51:31.109,INQYWXFM9HE0,912810TM0,BUY,30000000,100-312,DONE,
2022-12-23 12:51:31.110,INQQZ7PVX7XX,912810TM0,SELL,40000000,100-060,DONE,
2022-12-23 12:51:31.112,INQ12FUCCSBZ,912810TM0,BUY,50000000,100-077,DONE,
2022-12-23 12:51:31.113,INQEK5676WFM,912810TL2,SELL,10000000,99-03+,DONE,
2022-12-23 12:51:31.115,INQV53DOBKLR,912810TL2,BUY,20000000,99-070,DONE,
2022-12-23 12:51:31.116,INQTDSG8VF73,912810TL2,SELL,30000000,100-173,DONE,
2022-12-23 12:51:31.118,INQZYRKGS8N8,912810TL2,BUY,40000000,99-133,DONE,
2022-12-23 12:51:31.119,INQQR6CQ9S67,912810TL2,SELL,50000000,99-303,DONE,
2022-12-23 12:51:31.120,INQSO92CBOEL,912810TL2,BUY,10000000,100-070,DONE,
2022-12-23 12:51:31.121,INQW7JZ3VUCN,912810TL2,SELL,20000000,99-28+,DONE,
2022-12-23 12:51:31.122,INQULBIA1FD1,912810TL2,BUY,30000000,99-315,DONE,
2022-12-23 12:51:31.123,INQ9THZJGKRJ,912810TL2,SELL,40000000,99-036,DONE,
2022-12-23 12:51:31.124,INQ3HGW2H0W1,912810TL2,BUY,50000000,99-315,DONE,
